




@BOOK{BOOK:1,
    AUTHOR="Knneth H.Rosen",
    TITLE="初等数论及其应用",
    PUBLISHER="机械工业出版社",
    YEAR="2017"
}

@MISC{WEBSITE:1,
    AUTHOR= "Wikipedia",
    TITLE = "同余 --- Wikipedia{,} The Free Encyclopedia",
	YEAR = "2018",
    URL = "https://en.wikipedia.org/w/index.php?title=LaTeX&oldid=413720397",
	NOTE = "congruence modulo"
}

