

@BOOK{DUMMY:1,
AUTHOR="John Doe",
TITLE="The Book without Title",
PUBLISHER="Dummy Publisher",
YEAR="2100",
}



@ARTICLE{ARTICLE:1,
    AUTHOR="John Doe",
    TITLE="Title",
    JOURNAL="Journal",
    YEAR="2017",
}



@BOOK{BOOK:1,
    AUTHOR="John Doe",
    TITLE="The Book without Title",
    PUBLISHER="Dummy Publisher",
    YEAR="2100",
}


@INBOOK{BOOK:2,
    AUTHOR="John Doe",
    TITLE="The Book without Title",
    PUBLISHER="Dummy Publisher",
    YEAR="2100",
    PAGES="100-200",
}

%http://www.tex.ac.uk/FAQ-citeURL.html
% 使用 HOWPUBLISHED 还不行
%HOWPUBLISHED = "\url{http://example.com}",
% https://en.wikipedia.org/w/index.php?title=Special:CiteThisPage&page=LaTeX&id=413720397
@MISC{WEBSITE:1,
	AUTHOR = "Intel",
	TITLE = "Example Website",
	MONTH = "Dec",
	YEAR = "1988",
    url = "https://en.wikipedia.org/w/index.php?title=LaTeX&oldid=413720397",
	NOTE = "Accessed on 2012-11-11"
}
@misc{ wiki:xxx,
    author = "Wikipedia contributors",
    title = "LaTeX --- Wikipedia{,} The Free Encyclopedia",
    year = "2011",
    url = "https://en.wikipedia.org/w/index.php?title=LaTeX&oldid=413720397",
    note = "[Online; accessed 7-February-2018]"
  }

%%HOWPUBLISHED = "\url{http://example.com}",
%MONTH = "Dec",
@MISC{WEBSITE:2,
	AUTHOR = "Intel",
	TITLE = "Example Website",
	YEAR = "1988",
    url = "https://en.wikipedia.org/w/index.php?title=LaTeX&oldid=413720397",
	NOTE = "Accessed on 2012-11-11"
}
